@misc{Skript, 
	author	=	{Stefan Fütterling and Martin Bachmaier and Daniel Amor},
	title	=	{{Architektur von Rechnersystemen: Einführung}},
	organization =	{Duale Hochschule Baden-Württemberg},
	location 	=	{Stuttgart},
	year	=	{2020}
}

@inbook{Matthes,
	author = {Dirk Matthes},
	title = {{TOGAF – The Open Group Architecture Framework}},
	booktitle = {Enterprise Architecture Frameworks Kompendium},
	publisher = {Springer},
	location = {Berlin, Heidelberg},
	year = {2011},
	pages = {188-199}
}

@manual{TOGAFDocs,
	title = {{The TOGAF Standard, Version 9.2}},
	organization = {The Open Group},
	isbn = {1-947754-11-9},
	number = {C182}
}

@inbook{VisualParadigmTOGAF,
	title = {{TOGAF ADM Guide-Through}},
	booktitle = {Visual Paradigm Community Circle},
	publisher = {Visual Paradigm},
	year = {2020},
	url = {https://circle.visual-paradigm.com/docs/togaf-adm-guide-through/},
	urldate = {2020-04-29}
}
	
	